<?xml version="1.0" encoding="UTF-8"?><collection xmlns="http://www.loc.gov/MARC21/slim"><record><leader>00757nam--2200205-i-4500</leader><controlfield tag="001">000015565</controlfield><controlfield tag="002">20161230</controlfield><controlfield tag="005">20161230201031</controlfield><controlfield tag="008">060222s1000------------r-----000-0-eng-d</controlfield><datafield ind1=" " ind2=" " tag="020"><subfield code="a">9027720029</subfield></datafield><datafield ind1=" " ind2=" " tag="040"><subfield code="a">IFIN-HH</subfield></datafield><datafield ind1=" " ind2=" " tag="080"><subfield code="a">539.143(061.3)</subfield></datafield><datafield ind1="1" ind2=" " tag="100"><subfield code="a">Lilley, J.S./S.A.</subfield></datafield><datafield ind1="1" ind2="0" tag="245"><subfield code="a">Clustering aspects of nuclear structure</subfield><subfield code="b">Invited papers presented at the 4th international conference on clustering aspects of nuclear structure and nuclear reactions, chester, united kingdom, 23-27 july, 1984</subfield><subfield code="c">J.s. lilley; m.a. nagarajan (eds.)</subfield></datafield><datafield ind1=" " ind2=" " tag="260"><subfield code="a">Dordrecht</subfield><subfield code="b">D.Reidel Publishing Company</subfield><subfield code="c">1985</subfield></datafield><datafield ind1=" " ind2=" " tag="300"><subfield code="a">X + 420 P</subfield></datafield><datafield ind1=" " ind2="0" tag="650"><subfield code="a">Basic Nuclear Structure</subfield></datafield><datafield ind1="1" ind2=" " tag="700"><subfield code="a">Nagarajan, M.A</subfield><subfield code="e">Ed</subfield></datafield><datafield ind1=" " ind2=" " tag="852"><subfield code="a">73168</subfield><subfield code="c">539.14</subfield></datafield><datafield ind1=" " ind2=" " tag="CAT"><subfield code="a">Sys</subfield><subfield code="c">20110504</subfield><subfield code="h">140030</subfield></datafield></record></collection>